@article{kumkar2012,
	title={Vulnerabilities of Wireless Security protocols (WEP and WPA2)},
	author={Kumkar, Vishal and Tiwari, Akhil and Tiwari, Pawan and Gupta, Ashish and Shrawne, Seema},
	journal={International Journal of Advanced Research in Computer Engineering \& Technology (IJARCET)},
	volume={1},
	number={2},
	pages={34--38},
	year={2012}
}