@inproceedings{Tews:2007:BBW:1784964.1784983,
 author = {Tews, Erik and Weinmann, Ralf-Philipp and Pyshkin, Andrei},
 title = {Breaking 104 Bit WEP in Less Than 60 Seconds},
 booktitle = {Proceedings of the 8th International Conference on Information Security Applications},
 series = {WISA'07},
 year = {2007},
 isbn = {3-540-77534-X, 978-3-540-77534-8},
 location = {Jeju Island, Korea},
 pages = {188--202},
 numpages = {15},
 url = {http://dl.acm.org/citation.cfm?id=1784964.1784983},
 acmid = {1784983},
 publisher = {Springer-Verlag},
 address = {Berlin, Heidelberg},
} 

@misc{fluxion, 
	title={deltaxflux/fluxion}, 
	url={https://github.com/deltaxflux/fluxion}, 
	journal={GitHub}, 
	author={Deltaxflux}, 
	year={2017}, 
	month={Jan}
}

@misc{caneill2010attacks,
	title={Attacks against the WiFi protocols WEP and WPA},
	author={Caneill, Matthieu and Gilis, Jean-Loup},
	year={2010},
	publisher={USA}
}

@techreport{ieee802.11,
	citeulike-article-id = {12556290},
	citeulike-linkout-0 = {http://dx.doi.org/10.1109/IEEESTD.2012.6178212},
	citeulike-linkout-1 = {http://ieeexplore.ieee.org/servlet/opac?punumber=6178209},
	doi = {10.1109/IEEESTD.2012.6178212},
	institution = {IEEE-Inst},
	number = {IEEE Std 802.11â„¢-2012},
	organization = {IEEE -Org},
	posted-at = {2013-08-13 17:57:03},
	priority = {2},
	publisher = {IEEE-Pub},
	title = {802.11-2012  -  {IEEE} Standard for Information {technology--Telecommunications} and information exchange between systems Local and metropolitan area {networks--Specific} requirements Part 11: Wireless {LAN} Medium Access Control ({MAC}) and Physical Layer ({PHY}) Specifications},
	url = {http://ieeexplore.ieee.org/servlet/opac?punumber=6178209}
}